@article{mammola2023biodiversity,
  title = {Biodiversity communication in the digital era through the Emoji tree of life},
  author = {Mammola,  Stefano and Falaschi,  Mattia and Ficetola,  Gentile Francesco},
  year = 2023,
  month = dec,
  journal = {iScience},
  publisher = {Elsevier BV},
  volume = 26,
  number = 12,
  pages = 108569,
  doi = {10.1016/j.isci.2023.108569},
  issn = {2589-0042},
  url = {http://dx.doi.org/10.1016/j.isci.2023.108569},
}
